@article{vision_monkey_svm,
    title = {Fast Readout of Object Identity from Macaque Inferior Temporal Cortex},
    author = {Chou P. Hung  and Gabriel Kreiman  and Tomaso Poggio  and James J. DiCarlo },
    journal = {Science},
    volume = {310},
    number = {5749},
    pages = {863-866},
    year = {2005},
    doi = {10.1126/science.1117593},
}


@article{vision_monkey_hcnn,
    title = {Performance-optimized hierarchical models predict neural responses in higher visual cortex},
    author = {Daniel L. K. Yamins  and Ha Hong  and Charles F. Cadieu  and Ethan A. Solomon  and Darren Seibert  and James J. DiCarlo },
    journal = {Proceedings of the National Academy of Sciences},
    volume = {111},
    number = {23},
    pages = {8619-8624},
    year = {2014},
    doi = {10.1073/pnas.1403112111},
}
