@misc{ wiki:1d_convolution,
    title = "Convolution --- {Wikipedia}{,} The Free Encyclopedia",
    author = "{Wikipedia contributors}",
    year = "2024",
    howpublished = "\url{https://en.wikipedia.org/w/index.php?title=Convolution&oldid=1212399231}"
}

@misc{ wiki:dirac,
    title = "Dirac delta function --- {Wikipedia}{,} The Free Encyclopedia",
    author = "{Wikipedia contributors}",
    year = "2024",
    howpublished = "\url{https://en.wikipedia.org/w/index.php?title=Dirac_delta_function&oldid=1198785224}"
}

@misc{ wiki:kronecker,
    title = "Kronecker delta --- {Wikipedia}{,} The Free Encyclopedia",
    author = "{Wikipedia contributors}",
    year = "2023",
    howpublished = "\url{https://en.wikipedia.org/w/index.php?title=Kronecker_delta&oldid=1192529815}"
}

@book{ book:sonka,
    title={Image Processing, Analysis, and Machine Vision},
    author={Sonka, M. and Hlavac, V. and Boyle, R.},
    isbn={978-1-133-59360-7},
    year={2015},
    publisher={Cengage Learning}
}

@misc{ slides:filters,
    title = {Filters},
    author={Ramani Duraiswami},
    howpublished = {\url{http://users.umiacs.umd.edu/~ramani/cmsc828d_audio/Filters.pdf}},
    year = {2006}
}

@misc{ wiki:crosscorrelation,
    title = "Cross-correlation --- {Wikipedia}{,} The Free Encyclopedia",
    author = "{Wikipedia contributors}",
    year = "2024",
    howpublished = "\url{https://en.wikipedia.org/w/index.php?title=Cross-correlation&oldid=1193503271}"
}